<record><leader>00000cas a22000007a 4500</leader><controlfield tag="001">35157987</controlfield><controlfield tag="008">960729d193919uucauer ne      0    0eng d</controlfield><datafield ind1=" " ind2=" " tag="010"><subfield code="a">sn 96062914 </subfield></datafield><datafield ind1=" " ind2=" " tag="040"><subfield code="a">CNK</subfield><subfield code="b">eng</subfield><subfield code="c">CNK</subfield><subfield code="d">OCLCQ</subfield><subfield code="d">CUI</subfield><subfield code="d">OCLCQ</subfield><subfield code="d">OCLCF</subfield><subfield code="d">OCLCO</subfield></datafield><datafield ind1="1" ind2=" " tag="029"><subfield code="a">AU@</subfield><subfield code="b">000024821080</subfield></datafield><datafield ind1=" " ind2=" " tag="042"><subfield code="a">msc</subfield></datafield><datafield ind1=" " ind2=" " tag="043"><subfield code="a">n-us-ca</subfield></datafield><datafield ind1="1" ind2="4" tag="050"><subfield code="a">F869.M7</subfield><subfield code="b">C26</subfield></datafield><datafield ind1="0" ind2=" " tag="130"><subfield code="a">California Democrat (Monterey, Calif.)</subfield></datafield><datafield ind1="1" ind2="0" tag="245"><subfield code="a">California Democrat.</subfield></datafield><datafield ind1=" " ind2=" " tag="260"><subfield code="a">Monterey, Calif. :</subfield><subfield code="b">Milus and Antoinette Gay</subfield></datafield><datafield ind1=" " ind2=" " tag="300"><subfield code="a">v.</subfield></datafield><datafield ind1=" " ind2=" " tag="310"><subfield code="a">Biweekly,</subfield><subfield code="b">Nov. 18, 1939-</subfield></datafield><datafield ind1=" " ind2=" " tag="321"><subfield code="a">Weekly,</subfield><subfield code="b">Oct. 21-Nov. 4, 1939</subfield></datafield><datafield ind1="0" ind2=" " tag="362"><subfield code="a">Vol. 7, no. 37 (Oct. 21, 1939)-</subfield></datafield><datafield ind1=" " ind2="0" tag="651"><subfield code="a">Monterey (Calif.)</subfield><subfield code="v">Newspapers.</subfield></datafield><datafield ind1=" " ind2="7" tag="655"><subfield code="a">Newspapers.</subfield><subfield code="2">fast</subfield><subfield code="0">(OCoLC)fst01423814</subfield></datafield><datafield ind1=" " ind2="7" tag="651"><subfield code="a">California</subfield><subfield code="z">Monterey.</subfield><subfield code="2">fast</subfield><subfield code="0">(OCoLC)fst01205633</subfield></datafield><datafield ind1=" " ind2=" " tag="752"><subfield code="a">United States</subfield><subfield code="b">California</subfield><subfield code="c">Monterey</subfield><subfield code="d">Monterey.</subfield></datafield><datafield ind1="0" ind2="1" tag="780"><subfield code="t">California Democrat and Monterey trader</subfield><subfield code="w">(DLC)sn9650062913</subfield></datafield></record>